@ARTICLE{excptalg,
		  AUTHOR = {G.Bernot and M.Bidot and C.Choppy},
		  TITLE = {Abstract data types with exception
		  handling: an initial approach based on a distinction
		  between exceptions and errors},	
		  JOURNAL = {Theoretical Computer Science},
		  YEAR = {1986},
		  VOLUME = {46},
		  NUMBER = {1},
		  PAGES = {13-45},
		  PUBLISHER = {Elsevier Science},}
@ARTICLE{exceptalg,
		  AUTHOR = {G. Bernot, M. Bidot and C. Choppy},
		  TITLE = {Abstract data types with exception
		  handling: an initial approach based on a distinction
		  between exceptions and errors},
		  JOURNAL = {Teoretical Computer Science},
		  YEAR = {1986},
		  VOLUME = {46},
		  PAGES = {13-46},}
@INPROCEEDINGS{label,
		  AUTHOR = {Gilles Bernot and Pascale Le Gall},
		  TITLE = {Label algebras: a systematic use of terms},
		  PAGES = {144-163},
		  CROSSREF = {ln655}}
@ARTICLE{burm,
		  AUTHOR = {Peter Burmeister},
		  TITLE = {Partial Algebra - An Introductory 
		  Survey},
		  JOURNAL = {Algebra Universalis},
		  YEAR = {1982},
		  VOLUME = {15},
		  PAGES = {306-358},}
@INCOLLECTION{state,
		  AUTHOR = {Maura Cerioli and Till Mossakowski and
		  Horst Reichel},
		  EDITOR = {Egidio Astesiano and Hans-J{\"o}rg Kreowski
		  and Bernd Krieg-Br{\"u}ckner},
		  TITLE = {From total equational to partial first
		  order},
		  BOOKTITLE = {on Algebraic Foundations of Systems
		  Specification},
		  CHAPTER = {3},
		  PUBLISHER = {Springer},
		  YEAR = {1998},
		  NOTE = {to appear},}
@INPROCEEDINGS{member1,
		  AUTHOR = {M.G.Clavel and S. Eker and P. Lincoln and
		  J. Meseguer},
		  TITLE = {Principles of Maude},
		  BOOKTITLE = {First international Workshop on
		  Rewriting Logic and its Applications},
		  JOURNAL = {Electronic Notes in Theoretical Computer
		  Science},
		  YEAR = {1996},
		  VOLUME = {4},
		  EDITOR = {J.Meseguer},
		  PUBLISHER = {Elsevier},}
@BOOK{Alge,
		  AUTHOR = {Hartmut Ehrig and Bernd Mahr},
		  TITLE = {Fundamentals of Algebraic Specification 1},
		  PUBLISHER = {Springer},
		  YEAR = {1985},}	  
@INPROCEEDINGS{final,
		  AUTHOR = {Martin Gogolla},
		  TITLE = {A Final Algebra Semantics for Errors and Exceptions},
		  BOOKTITLE = {Recent Trends in Data Type
		  Spesification},
		  JOURNAL = {Informatik-Fachberichte},
		  YEAR = {1985},
		  VOLUME = {116},
		  PAGES = {89-103},
		  PUBLISHER = {Springer},}
@ARTICLE{retr,
		  AUTHOR = {Joseph A. Goguen},
		  TITLE = {Stretching First Order Equational Logic:
		  Proofs about Partiality using Subsorts and Retracts},	
		  JOURNAL = {unpublished?},
		  YEAR = {1997},
		  NOTE = {Unpublished},}
@TECHREPORT{order1,
		  AUTHOR = {Joseph A. Goguen},
		  TITLE = {ORDER-SORTED ALGEBRA I},
		  INSTITUTION = {UCLA Computer Science Department},
		  YEAR = {1978},
		  TYPE = {Semantics and Theory of Computation Series},
		  NUMBER = {14},}
@ARTICLE{inst,
		  AUTHOR = {Joseph A. Goguen and R. M. Burstal},
		  TITLE = {Institutions: Abstract Model Theory for
		  Specification and Programming.},
		  JOURNAL = {Journal of the ACM},
		  YEAR = {1992},
		  VOLUME = {39},
		  PAGES = {95-146},}
@ARTICLE{oxford,
		  AUTHOR = {Joseph Goguen and R\u{a}zvan 
		  Diaconescu},
		  TITLE = {An Oxford Survey of Order-Sorted 
		  Algebra},
		  JOURNAL = {Journal of Mathematical Structures in
		  Computer Science},
		  YEAR = {1994},
		  VOLUME = {4},
		  PAGES = {363-392},}
@TECHREPORT{order,
		  AUTHOR = {Joseph A. Goguen and Jos{\'e} Meseguer},
		  TITLE = {ORDER-SORTED ALGEBRA I: Equational
		  Deduction for Multiple Inheritance, Overloading,
		  Exceptions, and Partial Operations},
		  INSTITUTION = {Computer Science Laboratory SRI
		  International},
		  YEAR = {1989},
		  NUMBER = {SRI-CSL-89-10},}
@INCOLLECTION{ADJ,
		  AUTHOR = {Joseph Goguen and James Thatcher and 
		  Eric Wagner},
		  EDITOR = {Raymond Yeh}, 
		  TITLE = {An initial algebra approach to the
		  specification, correctness, and implementation of
		  abstract data types},
		  BOOKTITLE = {Current Trends in Programming 
		  Methodology},
		  PUBLISHER = {Prentice-Hall},
		  YEAR = {1978},
		  VOLUME = {4},
		  PAGES = {80-149},}
@TECHREPORT{guard,
		  AUTHOR = {Magne Haveraaen and Eric G. Wagner},
		  TITLE = {Guarded Algebras and Data Type
		  Spesification},
		  INSTITUTION = {Depeartment of Informatics, University
		  of Bergen},
		  YEAR = {1995},
		  NUMBER = {108},}
@BOOK{I220,
		  AUTHOR = {Jacques Loeckx and Hans-Dieter Ehrich 
		  and Markus  Wolf},
		  TITLE = {Specification of Abstract Data Types},
		  PUBLISHER = {Wiley-Teubner},
		  YEAR = {1996},}
@ARTICLE{makow,
		  AUTHOR = {J. A. Makowsky},
		  TITLE = {Why Horn Formulas Matter in Computer
		  Science: Initial Structures and Generic 
		  Examples},
		  JOURNAL = {Journal of Computer and System 
		  Sciences},
		  YEAR = {1987},
		  VOLUME = {34},
		  PAGES = {266-292},}
@INPROCEEDINGS{general,
		  AUTHOR = {Jos\'{e} Meseguer},
		  TITLE = {General Logics},
		  PAGES = {275-329},
		  BOOKTITLE = {Logic colloquium'87},
		  YEAR = {1989},
		  EDITOR = {H.-D. Ebbinghaus and others},
		  PUBLISHER = {Elsevier Science Publisher B.V.(North-Holland)},}
@INPROCEEDINGS{member,
		  AUTHOR = {Jos\'{e} Meseguer},
		  TITLE = {Membership Algebra as a Logical Framework
		  for Equational Specification},
		  PAGES = {18-61},
		  BOOKTITLE = {Recent Trends in Algebraic Development
		  Techniques},
		  JOURNAL = {Lecture Notes in Computer Science},
		  YEAR = {1998},
		  VOLUME = {1376},
		  EDITOR = {Francesco Parisi Presicce},
		  PUBLISHER = {Springer},}	
@INPROCEEDINGS{sort,
		  AUTHOR = {Peter D. Mosses},
		  TITLE = {The Use of Sorts in Algebraic Spesifications},
		  PAGES = {66-91},
		  CROSSREF = {ln655}}		  
@INPROCEEDINGS{unified,
		  AUTHOR = {Peter D. Mosses},
		  TITLE = {Unified Algebras and Institutions},
		  BOOKTITLE = {Fourth Annual Conference on Logic in
		  Computer Science},
		  YEAR = {1989},
		  PAGES = {304-312},
		  PUBLISHER = {IEEE},}
@BOOK{initcomp,
		  AUTHOR = {Horst Reichel},
		  TITLE = {Initial Computability Algebraic
		  Specifications and Partial Algebras},
		  PUBLISHER = {Oxford Science Publications},
		  YEAR = {1987},}
@INPROCEEDINGS{initial,
		  AUTHOR = {Andrezej Tarlecki},
		  TITLE = {Free Constructions in algebraic 
		  Institutions},
		  PAGES = {526-534},
		  CROSSREF = {ln176},}
@PROCEEDINGS{ln655,
		  TITLE = {Recent Trends in Data Type
		  Spesification},
		  BOOKTITLE = {Recent Trends in Data Type
		  Spesification},
		  JOURNAL = {Lecture Notes in Computer Science},
		  YEAR = {1993},
		  VOLUME = {655},
		  EDITOR = {Michel Bidot and Christine Choppy},
		  PUBLISHER = {Springer},}
@PROCEEDINGS{ln176,
		  TITLE = {Mathemathical Foundations of Computer 
		  Science 1984},
		  BOOKTITLE = {Mathemathical Foundations of Computer 
		  Science 1984},
		  JOURNAL = {Lecture Notes in Computer Science},
		  YEAR = {1984},
		  VOLUME = {176},
		  EDITOR = {Michal Chytil and V\'{a}clav Koubek},
		  PUBLISHER = {Springer},}