@UNPUBLISHED{c:1,
   AUTHOR="C. Aarts and R.C. Backhouse and P. Hoogendijk and
		  E. Voermans and J. van der Woude",
   TITLE="A Relational Theory of Datatypes",
   YEAR="1992",
   MONTH="",
   NOTE="[draft available at URL=http://www.win.tue.nl/win/cs/wp/papers/papers.html]",
   KEY="",
}
                                      

@INBOOK{c:2,
   AUTHOR="L. Aceto and R. DeNicola and A. Fantechi",
   TITLE="Testing Equivalencies for Event Structures",
   BOOKTITLE="Mathematical models for the semantics of parallelism",
   CHAPTER="",
   EDITOR="",
   YEAR="1986",
   PUBLISHER="LNCS, vol.~280, Springer",
   PAGES="",
   KEY="",
}

		  
@INPROCEEDINGS{c:3,
   AUTHOR="K.R. Apt and G.D. Plotkin",
   TITLE="A Cook's tour of countable nondeterminism",
   BOOKTITLE="Automata, Languages and Programming, 8-th Colloquium",
   PUBLISHER="LNCS vol.~115, Springer",
   YEAR="1981",
   PAGES="",
   KEY="",
}

@ARTICLE{c:3a,
	AUTHOR={K.R. Apt}, 
	TITLE={Ten years of Hoare's logic: a survey.  Part II: Nondeterminism}, 
	JOURNAL={Theoretical Computer Science},
	VOLUME={28}, 
	PAGES={83-109}, 
	YEAR={1984}
}

@inproceedings{c:4,
	AUTHOR={E. Astesiano and G. Costa}, 
	TITLE={Sharing in Nondeterminism},
	BOOKTITLE={Automata, Languages and Programming, 6-th Colloquium},
	PUBLISHER={LNCS, vol.~71, Springer}, 
	YEAR={1979}
}
		  
@inproceedings{c:5,
	AUTHOR={R.J. Back},
	TITLE={Semantics of Unbounded Nondeterminism},
	BOOKTITLE={Automata, Languages and Programming},
	PUBLISHER={LNCS, vol.~85, Springer},
	YEAR={1980}
}

@ARTICLE{c:6,
   AUTHOR="R.J. Back and J. von Wright",
   TITLE="Duality in Specification Languages: A Lattice-Theoretical Approach",
   JOURNAL="Acta Informatica",
   VOLUME="27",
   NUMBER="",
   YEAR="1990",
   MONTH="",
   PAGES="583-625",
   KEY="",
}                                      

@INPROCEEDINGS{c:7,
   AUTHOR="J.W. de Bakker",
   TITLE="Semantics and Termination of Nondeterministic Recursive Programs",
   BOOKTITLE="Automata Languages and Programming",
   PUBLISHER="",
   YEAR="1976",
   PAGES="435-477",
   KEY="",
}
                                       
 
@BOOK{c:BarT,
   AUTHOR="M. Barr and C. Wells",
   TITLE="Toposes, Triples and Theories",
   PUBLISHER="Springer",
   YEAR="1985",
   EDITOR="",
   NOTE="",
   KEY="",
}
                                      

@BOOK{c:Bar,
   AUTHOR="M. Barr and C. Wells",
   TITLE="Category Theory for Computing Science",
   PUBLISHER="Prentice Hall",
   YEAR="1990",
   EDITOR="",
   NOTE="",
   KEY="",
}
                                      

@BOOK{c:8,
   AUTHOR="F. Bauer",
   TITLE="The Munich Project CIP: The Wide Spectrum Language",
   PUBLISHER="LNCS, vol. 183, Springer",
   YEAR="1985",
   EDITOR="",
   NOTE="",
   KEY="",
}
                                       

@BOOK{c:9,
   AUTHOR="H. Beki\u{c}",
   TITLE="Programming Langugages and Their Definition",
   PUBLISHER="LNCS, vol.~177, Springer",
   YEAR="1984",
   EDITOR="",
   NOTE="",
   KEY="",
}
                                       

@INPROCEEDINGS{c:10,
   AUTHOR="M. Ben-Ari and Z. Manna and A. Pnueli",
   TITLE="The temporal logic of branching time",
   BOOKTITLE="8-th Annual Symposium on PoPL",
   PUBLISHER="",
   YEAR="1981",
   PAGES="",
   KEY="",
}
                                     

@TECHREPORT{c:11,
   AUTHOR="J.A. Bergstra and J.W. Klop",
   TITLE="An Abstraction Mechanism for Process Algebras",
   INSTITUTION="Dept. of CS, Matematisch Centrum, Amsterdam",
   YEAR="1983",
   MONTH="",
   NUMBER="IW 231/83",
   ADDRESS="",
   KEY="",
}
                                      

@ARTICLE{c:12,
   AUTHOR="J.A. Bergstra and J.V. Tucker",
   TITLE="Initial and final algebra semantics for data type specifications",
   JOURNAL="SIAM J. Computing",
   VOLUME="12",
   NUMBER="",
   YEAR="1983",
   MONTH="",
   PAGES="366-387",
   KEY="",
}
                                      

@INPROCEEDINGS{c:13,
   AUTHOR="J.A. Bergstra and J.W. Klop",
   TITLE="Algebra of communicating processes",
   BOOKTITLE="CWI Symposium on Mathematics and CS",
   PUBLISHER="",
   YEAR="1986",
   PAGES="89-138",
   KEY="",
}
                                                     

@ARTICLE{c:14,
   AUTHOR="J.A. Bergstra and J.V. Tucker",
   TITLE="Algebraic specifications of computable and semicomputable data types",
   JOURNAL="Theoretical Computer Science",
   VOLUME="50",
   NUMBER="",
   YEAR="1987",
   MONTH="",
   PAGES="137-181",
   KEY="",
}
                                      

@UNPUBLISHED{c:Bia,
   AUTHOR="M. Bia{\l}asik and B. Konikowska",
   TITLE="A Logic for Nondeterministic Specifications",
   YEAR="1996",
   MONTH="",
   NOTE="[to appear in ``Essays Dedicated to the Memory of H.Rasiowa'', Kluwer]",
   KEY="",
}
                                      

@TECHREPORT{c:Bia1,
   AUTHOR="M. Bia{\l}asik and B. Konikowska",
   TITLE="Reasoning with Nondeterministic Specifications",
   INSTITUTION="Polish Academy of Sciences, Institute of CS, Warsaw",
   YEAR="1995",
   MONTH="",
   NUMBER="793",
   ADDRESS="",
   KEY="",
}
                                      

@ARTICLE{c:Bloom,
   AUTHOR="S. Bloom",
   TITLE="Varieties of ordered algebras",
   JOURNAL="J. of Computer and System Sciences",
   VOLUME="13",
   NUMBER="",
   YEAR="1976",
   MONTH="",
   PAGES="200-212",
   KEY="",
}
                                      

@ARTICLE{c:15,
   AUTHOR="S. Bloom and R. Tindell",
   TITLE="Compatible orderings on the metric theory of trees",
   JOURNAL="SIAM J. Computing",
   VOLUME="9",
   NUMBER="4",
   YEAR="1980",
   MONTH="",
   PAGES="683-691",
   KEY="",
}
                                      

@BOOK{c:Bor,
   AUTHOR="F. Borceux",
   TITLE="Handbook of Categorical Algebra",
   PUBLISHER="Cambridge",
   YEAR="1994",
   EDITOR="",
   NOTE="",
   KEY="",
}
                                       

@PHDTHESIS{c:16,
   AUTHOR="G. Boudol",
   TITLE="Calculus maximaux et semantique operationnelle des programmes non deterministes",
   SCHOOL="University of Paris",
   YEAR="1980",
   MONTH="",
   KEY="",
}
                                       

@INPROCEEDINGS{c:17,
   AUTHOR="M. Broy and W. Dosch and H. Parsch and P. Pepper and M. Wirsing",
   TITLE="Existential quantifiers in abstract data types",
   BOOKTITLE="Automata, Languages and Programming, 6-th Colloquium",
   PUBLISHER="LNCS vol.~71, Springer",
   YEAR="1979",
   PAGES="",
   KEY="",
}
                                       

@INBOOK{c:18,
   AUTHOR="M. Broy and R. Gnatz and M. Wirsing",
   TITLE="Semantics of Nondeterministic and Noncontinuous Constructs",
   BOOKTITLE="LNCS vol.~69",
   CHAPTER="",
   EDITOR="",
   YEAR="1980",
   PUBLISHER="Springer",
   PAGES="553-392",
   KEY="",
}
                                    

@TECHREPORT{c:19,
   AUTHOR="M. Broy and M. Wirsing",
   TITLE="Initial versus Terminal Algebra Semantics for Partially Defined Abstract Types",
   INSTITUTION="Technische Universitat Munchen",
   YEAR="1981",
   MONTH="December",
   NUMBER="TUM-I 8018",
   ADDRESS="",
   KEY="revised version of c:191",
}
                                              

@ARTICLE{c:191,
   AUTHOR="M. Broy and M. Wirsing",
   TITLE="Partial Abstract Types",
   JOURNAL="Acta Informatica",
   VOLUME="18",
   NUMBER="",
   YEAR="1982",
   MONTH="",
   PAGES="47-64",
   KEY="revised version of c:19",
}
                                      

@INPROCEEDINGS{c:20,
   AUTHOR="M. Broy and M. Wirsing",
   TITLE="Programming Languages as Abstract Data Types",
   BOOKTITLE="Lille Colloque",
   PUBLISHER="",
   YEAR="1980",
   PAGES="",
   KEY="",
}
                                      

@INPROCEEDINGS{c:21,
   AUTHOR="M. Broy and M. Wirsing",
   TITLE="On the Algebraic Specification of Nondeterministic Programming Languages",
   BOOKTITLE="CAAP'81",
   PUBLISHER="LNCS vol.~112, Springer",
   YEAR="1981",
   PAGES="162-179",
   KEY="",
}
                                     

@INPROCEEDINGS{c:22,
   AUTHOR="M. Broy",
   TITLE="Fixed point theory for communication and concurrency",
   BOOKTITLE="IFIP TC2 Working Conference on Formal Description of Programming Concepts II",
   PUBLISHER="North-Holland",
   YEAR="1983",
   PAGES="125-147",
   KEY="",
}
                                       

@INPROCEEDINGS{c:23,
   AUTHOR="M. Broy",
   TITLE="On the Herbrand Kleene universe for nondeterministic computations",
   BOOKTITLE="MFCS'84",
   PUBLISHER="LNCS vol.~176, Springer",
   YEAR="1984",
   PAGES="",
   KEY="",
}
                                      

@ARTICLE{c:24,
   AUTHOR="M. Broy",
   TITLE="A Theory for Nondeterminism, Parallelism, Communication and Concurrency",
   JOURNAL="Theoretical Computer Science",
   VOLUME="45",
   NUMBER="",
   YEAR="1986",
   MONTH="",
   PAGES="",
   KEY="",
}
                                       

@INPROCEEDINGS{c:25,
   AUTHOR="A.K. Chandra",
   TITLE="Computable Nondeterministic Functions",
   BOOKTITLE="Foundations of Computer Science, 19-th Annual Symposium",
   PUBLISHER="",
   YEAR="1978",
   PAGES="",
   KEY="",
}
                                       

@INPROCEEDINGS{c:26,
   AUTHOR="W. Clinger",
   TITLE="Nondeterministic call by need is neither lazy nor by name",
   BOOKTITLE="ACM Symposium on LISP and Functional Programming",
   PUBLISHER="",
   YEAR="1982",
   PAGES="226-234",
   KEY="",
}
                                       

@BOOK{c:27,
   AUTHOR="P.M. Cohn",
   TITLE="Universal Algebra, Mathematics and Its Applications, vol.6",
   PUBLISHER="D.Reidel Publishing Company",
   YEAR="1965",
   EDITOR="",
   NOTE="",
   KEY="",
}
                                       

@BOOK{c:28,
   AUTHOR="O.J. Dahl",
   TITLE="Verifiable Programming",
   PUBLISHER="Prentice Hall",
   YEAR="1992",
   EDITOR="",
   NOTE="",
   KEY="",
}
                                       

@ARTICLE{c:29,
   AUTHOR="E.W. Dijkstra",
   TITLE="Guarded Commands, Nondeterminacy and Formal Derivation of Programs",
   JOURNAL="CACM",
   VOLUME="18",
   NUMBER="",
   YEAR="1975",
   MONTH="",
   PAGES="",
   KEY="",
}
                                       

@BOOK{c:30,
   AUTHOR="E.W. Dijkstra",
   TITLE="A Discipline of Programming",
   PUBLISHER="Prentice Hall",
   YEAR="1976",
   EDITOR="",
   NOTE="",
   KEY="",
}
                                       

@INBOOK{c:31,
   AUTHOR="E.W. Dijkstra",
   TITLE="A simple fix-point argument without the restriction to continuity",
   BOOKTITLE="Control Flow and Data Flow, Comp. and System Sciences",
   CHAPTER="",
   EDITOR="",
   YEAR="1984",
   PUBLISHER="Springer",
   PAGES="",
   KEY="",
}
                                       

@INBOOK{c:32,
   AUTHOR="A. Dovier and E. Omodeo and E. Pontelli and G.F. Rossi",
   TITLE="Embedding Finite Sets in a Logic Programming Language",
   BOOKTITLE="LNAI vol.~660",
   CHAPTER="",
   EDITOR="",
   YEAR="1993",
   PUBLISHER="Springer",
   PAGES="150-167",
   KEY="",
}
                                       

@TECHREPORT{c:33,
   AUTHOR="H. Egli",
   TITLE="A mathematical model for nondeterministic computations",
   INSTITUTION="ETH",
   YEAR="1975",
   MONTH="",
   NUMBER="",
   ADDRESS="",
   KEY="",
}
                                       

@ARTICLE{c:34,
   AUTHOR="J. Engelfriet and E.M. Schmidt",
   TITLE="IO and OI, 1",
   JOURNAL="J. of Computer and System Sciences",
   VOLUME="15",
   NUMBER="",
   YEAR="1977",
   MONTH="",
   PAGES="328-353",
   KEY="",
}
                                       
 
@ARTICLE{c:35,
   AUTHOR="J. Engelfriet and E.M. Schmidt",
   TITLE="IO and OI, 2",
   JOURNAL="J. of Computer and System Sciences",
   VOLUME="16",
   NUMBER="",
   YEAR="1978",
   MONTH="",
   PAGES="67-99",
   KEY="",
}

                                       
@INPROCEEDINGS{c:36,
   AUTHOR="Y.A. Feldman and D. Harel",
   TITLE="A probabilistic dynamic logic",
   BOOKTITLE="ACM Symposium on Theory of Computing, 14-th Annual Symposium",
   PUBLISHER="",
   YEAR="1982",
   PAGES="",
   KEY="",
}
                                      

@INPROCEEDINGS{c:37,
   AUTHOR="J.A. Fern\'{a}ndez and J. Minker",
   TITLE="Bottom-up evaluation of hierarchical disjunctive deductive databases",
   BOOKTITLE="8-th International Conference on Logic Programming",
   PUBLISHER="",
   YEAR="1991",
   PAGES="",
   KEY="",
}
                                      

@ARTICLE{c:38,
   AUTHOR="R.W. Floyd",
   TITLE="Nondeterministic algorithms",
   JOURNAL="Journal of the ACM",
   VOLUME="14",
   NUMBER="4",
   YEAR="1967",
   MONTH="",
   PAGES="",
   KEY="",
}
                                       
 
@INPROCEEDINGS{c:39,
   AUTHOR="R.J. van Glabbeek",
   TITLE="Bounded nondeterminism and the approximation induction principle in process algebra",
   BOOKTITLE="STACS'87",
   PUBLISHER="LNCS vol.~247, Springer",
   YEAR="1987",
   PAGES="336-347",
   KEY="extended abstract of c:39",
}
                                       

@TECHREPORT{c:391,
   AUTHOR="R.J. van Glabbeek",
   TITLE="Bounded nondeterminism and the approximation induction principle in process algebra",
   INSTITUTION="Centrum voor Wiskunde en Informatica, Amsterdam",
   YEAR="1986",
   MONTH="",
   NUMBER="CS-R8634",
   ADDRESS="",
   KEY="cf. c:391",
}
                                       
 
@ARTICLE{c:40,
   AUTHOR="J.A. Goguen and J. Thatcher and E. Wagner and J. Wright",
   TITLE="Initial algebra semantics and continuous algebras",
   JOURNAL="Journal of ACM",
   VOLUME="24",
   NUMBER="",
   YEAR="1977",
   MONTH="",
   PAGES="68-95",
   KEY="",
}
                                    

@INBOOK{c:41,
   AUTHOR="J.A. Goguen and R.M. Burstall",
   TITLE="Introducing Institutions",
   BOOKTITLE="Logics of Programs",
   CHAPTER="",
   EDITOR="",
   YEAR="1983",
   PUBLISHER="LNCS vol.~164, Springer",
   PAGES="",
   KEY="",
}
                                      

@INBOOK{c:42,
   AUTHOR="J.A. Goguen",
   TITLE="What is unification?  A categorical view of substitution, equation, and solution",
   BOOKTITLE="Resolution of Equations in Algebraic Structures, vol. 1",
   CHAPTER="",
   EDITOR="M.Nivat and A.-K.Hassan",
   YEAR="1989",
   PUBLISHER="Academic Press",
   PAGES="217-261",
   KEY="",
}
                                       

@BOOK{c:43,
   AUTHOR="I. Guessarian",
   TITLE="Algebraic Semantics",
   PUBLISHER="LNCS vol.~99, Springer",
   YEAR="1981",
   EDITOR="",
   NOTE="",
   KEY="",
}
                                       

@TECHREPORT{c:44,
   AUTHOR="J.V. Guttag",
   TITLE="The Specification and Application to Programming of ADT",
   INSTITUTION="Computer Systems Research Group, University of Toronto",
   YEAR="1975",
   MONTH="",
   NUMBER="CSR6-59",
   ADDRESS="",
   KEY="",
}
                                       

@ARTICLE{c:45,
   AUTHOR="G.E. Hansoul",
   TITLE="A subdirect decomposition theorem for multialgebras",
   JOURNAL="Algebra Universalis",
   VOLUME="16",
   NUMBER="",
   YEAR="1983",
   MONTH="275-281",
   PAGES="",
   KEY="",
}
                                       

@INPROCEEDINGS{c:46,
   AUTHOR="D. Harel and A.R. Meyer and V.R. Pratt",
   TITLE="Computability and completeness in logics of programs",
   BOOKTITLE="9-th Annual ACM Symposium on Theory of Computing",
   PUBLISHER="",
   YEAR="1977",
   PAGES="",
   KEY="",
}
                                     

@INPROCEEDINGS{c:47,
   AUTHOR="D. Harel and V.R. Pratt",
   TITLE="Nondeterminism in logics of programs",
   BOOKTITLE="5-th Annual Symposium on PoPL",
   PUBLISHER="",
   YEAR="1978",
   PAGES="",
   KEY="",
}
                                      

@INPROCEEDINGS{c:48,
   AUTHOR="R. Heckmann",
   TITLE="Power Domains Supporting Recursion and Failure",
   BOOKTITLE="CAAP'92",
   PUBLISHER="LNCS vol.~581, Springer",
   YEAR="1992",
   PAGES="",
   KEY="",
}
                                       

@ARTICLE{c:49,
   AUTHOR="M. Hennessy and R. Milner",
   TITLE="The semantics of call-by-value and call-by-name in a nondeterministic environment",
   JOURNAL="SIAM J. Computing",
   VOLUME="9",
   NUMBER="1",
   YEAR="1980",
   MONTH="",
   PAGES="",
   KEY="",
}
                                      

@INPROCEEDINGS{c:50,
   AUTHOR="M. Hennessy",
   TITLE="On observing nondeterminism and concurrency",
   BOOKTITLE="Automata, Languages and Programming",
   PUBLISHER="LNCS vol.~85, Springer",
   YEAR="1980",
   PAGES="",
   KEY="",
}
                                       

@INPROCEEDINGS{c:51,
   AUTHOR="M. Hennessy",
   TITLE="Powerdomains and nondeterministic recursive functions",
   BOOKTITLE="5-th International Symposium on Programming",
   PUBLISHER="LNCS vol.~137, Springer",
   YEAR="1982",
   PAGES="",
   KEY="",
}
                                       

@INBOOK{c:52,
   AUTHOR="M. Hennessy",
   TITLE="Observing processes",
   BOOKTITLE="Linear Time, Branching Time and Partial Order in Logics and Models for Concurrency",
   CHAPTER="",
   EDITOR="",
   YEAR="1988",
   PUBLISHER="LNCS vol.~354, Springer",
   PAGES="",
   KEY="",
}
                                       

@ARTICLE{c:53,
   AUTHOR="W.H. Hesselink",
   TITLE="A mathematical approach to nondeterminism in data types",
   JOURNAL="ACM ToPLaS",
   VOLUME="10",
   NUMBER="",
   YEAR="1988",
   MONTH="",
   PAGES="",
   KEY="",
}
                                       

@BOOK{c:Hes,
   AUTHOR="W.H. Hesselink",
   TITLE="Programs, Recursion and Unbounded Choice",
   PUBLISHER="Cambridge",
   YEAR="1992",
   EDITOR="",
   NOTE="",
   KEY="",
}
                                       

@BOOK{c:54,
   AUTHOR="C.A.R. Hoare",
   TITLE="Communicating Sequential Processes",
   PUBLISHER="Prentice Hall",
   YEAR="1985",
   EDITOR="",
   NOTE="",
   KEY="",
}
                                       

@INPROCEEDINGS{c:55,
   AUTHOR="P.F. Hoogendik",
   TITLE="Relational programming laws in Boom hierarchy of types",
   BOOKTITLE="Mathematics of Program Construction",
   PUBLISHER="Springer",
   YEAR="1992",
   PAGES="",
   KEY="",
}
                                       

@INPROCEEDINGS{c:56,
   AUTHOR="G. Hornung and P. Raulefs",
   TITLE="Terminal algebra semantics and retractions for abstract data types",
   BOOKTITLE="Automata, Languages and Programming",
   PUBLISHER="LNCS vol.~85, Springer",
   YEAR="1980",
   PAGES="",
   KEY="",
}
                                      

@INPROCEEDINGS{c:57,
   AUTHOR="H. Hu{\ss}mann",
   TITLE="Nondeterministic algebraic specifications and nonconfluent term rewriting",
   BOOKTITLE="Algebraic and Logic Programming",
   PUBLISHER="LNCS vol.~343, Springer",
   YEAR="1988",
   PAGES="",
   KEY="",
}
                                       

@PHDTHESIS{c:58,
   AUTHOR="H. Hu{\ss}mann",
   TITLE="Nondeterministic algebraic specifications",
   SCHOOL="Fak. f. Mathematik und Informatik, Universitat Passau",
   YEAR="1990",
   MONTH="",
   KEY="",
}
                                           

@BOOK{c:59,
   AUTHOR="H. Hu{\ss}mann",
   TITLE="Nondeterminism in Algebraic Specifications and Algebraic Programs",
   PUBLISHER="Birkhauser",
   YEAR="1993",
   EDITOR="",
   NOTE="revised version of c:58",
   KEY="",
}
                                                                                   

@ARTICLE{c:60,
   AUTHOR="G. Huet and J. Hullot",
   TITLE="Proofs by induction in equational theories with constructors",
   JOURNAL="J. of Computer and System Sciences",
   VOLUME="25",
   NUMBER="",
   YEAR="1981",
   MONTH="",
   PAGES="239-266",
   KEY="",
}
                                      

@ARTICLE{c:61,
   AUTHOR="B. Jayaraman",
   TITLE="Implementation of subset-equational programs",
   JOURNAL="J. of Logic Programming",
   VOLUME="12",
   NUMBER="4",
   YEAR="1992",
   MONTH="",
   PAGES="299-324",
   KEY="",
}
                                       

@INBOOK{c:62,
   AUTHOR="S. Kaplan",
   TITLE="Conditional Rewriting",
   BOOKTITLE="Conditional Term Rewriting Systems",
   CHAPTER="",
   EDITOR="",
   YEAR="1987",
   PUBLISHER="LNCS vol.~308, Springer",
   PAGES="",
   KEY="",
}
                                       

@ARTICLE{c:63,
   AUTHOR="S. Kaplan",
   TITLE="Rewriting with a nondeterministic choice operator",
   JOURNAL="Theoretical Computer Science",
   VOLUME="56",
   NUMBER="",
   YEAR="1988",
   MONTH="",
   PAGES="37-57",
   KEY="",
}
                                       

@PHDTHESIS{c:64,
   AUTHOR="D. Kapur",
   TITLE="Towards a Theory of Abstract Data Types",
   SCHOOL="Laboratory for CS, MIT",
   YEAR="1980",
   MONTH="",
   KEY="",
}
                                       

@INPROCEEDINGS{c:65,
   AUTHOR="J.R. Kennaway and C.A.R. Hoare",
   TITLE="A theory of nondeterminism",
   BOOKTITLE="Automata, Languages and Programming",
   PUBLISHER="LNCS vol.~85, Springer",
   YEAR="1980",
   PAGES="",
   KEY="",
}
                                      

@INPROCEEDINGS{c:66,
   AUTHOR="P.R. Kosinski",
   TITLE="A straightforward denotational semantics for non-determinate data flow programs",
   BOOKTITLE="5-th Annual Symposium on PoPL",
   PUBLISHER="",
   YEAR="1978",
   PAGES="",
   KEY="",
}
                                       

@PHDTHESIS{c:67,
   AUTHOR="P.R. Kosinski",
   TITLE="Denotational Semantics of Determinate and Non-determinate Data Flow Programs",
   SCHOOL="Laboratory of CS, MIT",
   YEAR="1979",
   MONTH="",
   KEY="",
}
                                       

@ARTICLE{c:68,
   AUTHOR="D. Kozen",
   TITLE="Semantics of probabilistic programs",
   JOURNAL="J. of Computer and System Sciences",
   VOLUME="22",
   NUMBER="",
   YEAR="1981",
   MONTH="",
   PAGES="",
   KEY="",
}
                                       

@INPROCEEDINGS{c:69,
   AUTHOR="V. Kriau\u{c}iukas and M. Walicki",
   TITLE="Reasoning and rewriting with set-relations I: ground  case",
   BOOKTITLE="CSL'94",
   PUBLISHER="LNCS vol.~933",
   YEAR="1995",
   PAGES="",
   KEY="",
}
                                      

@INBOOK{c:69a,
   AUTHOR="V. Kriau\u{c}iukas and M. Walicki",
   TITLE="Reasoning and rewriting with set-relations II: the non-ground  case",
   BOOKTITLE="Recent Trends in Data Type Specification",
   CHAPTER="",
   EDITOR="",
   YEAR="1996",
   PUBLISHER="LNCS vol.~1130, Springer",
   PAGES="",
   KEY="",
}
                                      

@INPROCEEDINGS{c:70,
   AUTHOR="R. Kuiper",
   TITLE="An operational semantics for bounded nondeterminism equivalent to a denotational one",
   BOOKTITLE="International Symposium on Algorithmic Languages",
   PUBLISHER="North-Holland",
   YEAR="1981",
   PAGES="373-398",
   KEY="also T.R.no. IW 169/81, Stichtig Mathematisch Centrum, Dept. CS, Amsterdam, 1981",
}
                                       

@INPROCEEDINGS{c:LR,
   AUTHOR="D. Lehmann and M. Rabin",
   TITLE="On the advantages of free choice",
   BOOKTITLE="8-th Annual Symposium on PoPL",
   PUBLISHER="",
   YEAR="1981",
   PAGES="",
   KEY="",
}
                                      

@INPROCEEDINGS{c:71,
   AUTHOR="D. Lehmann and S. Shelah",
   TITLE="Reasoning with time and chance",
   BOOKTITLE="Automata, Languages and Programming",
   PUBLISHER="LNCS vol.~154, Springer",
   YEAR="1983",
   PAGES="",
   KEY="",
}
                                      

@INPROCEEDINGS{c:72,
   AUTHOR="J. Levy and J. Augusti",
   TITLE="Bi-rewriting, a term rewriting technique for monotonic order relations",
   BOOKTITLE="RTA'93",
   PUBLISHER="LNCS vol.~690, Springer",
   YEAR="1993",
   PAGES="17-31",
   KEY="",
}
                                      

@INPROCEEDINGS{c:73,
   AUTHOR="U. de Liguro and A. Piperno",
   TITLE="Must pre-order in non-deterministic untyped lambda-calculus",
   BOOKTITLE="CAAP'92",
   PUBLISHER="LNCS vol.~581, Springer",
   YEAR="1992",
   PAGES="",
   KEY="",
}
                                                                              
 
@ARTICLE{c:74,
   AUTHOR="R.C. Lyndon",
   TITLE="Properties preserved under homomorphisms",
   JOURNAL="Pacific J. of Mathematics",
   VOLUME="9",
   NUMBER="",
   YEAR="1959",
   MONTH="",
   PAGES="",
   KEY="",
}
                                       
 
@ARTICLE{c:75,
   AUTHOR="B. Moeller",
   TITLE="On the algebraic specification of infinite objects -- ordered and continuous models of algebraic types",
   JOURNAL="Acta Informatica",
   VOLUME="22",
   NUMBER="",
   YEAR="1985",
   MONTH="",
   PAGES="537-578",
   KEY="",
}
                                       
 
@BOOK{c:Mac,
   AUTHOR="S. MacLane",
   TITLE="Categories for the Working Mathematician",
   PUBLISHER="Springer",
   YEAR="1971",
   EDITOR="",
   NOTE="",
   KEY="",
}
                                       
 
@INPROCEEDINGS{c:76,
   AUTHOR="B. Mahr and J.A. Makowsky",
   TITLE="Characterizing specification languages which admit initial semantics",
   BOOKTITLE="CAAP'93",
   PUBLISHER="LNCS vol.~159, Springer",
   YEAR="1983",
   PAGES="300-316",
   KEY="",
}
                                       
 
@TECHREPORT{c:77,
   AUTHOR="T.S.E. Maibaum",
   TITLE="The semantics of nondeterminism",
   INSTITUTION="University of Waterloo",
   YEAR="1977",
   MONTH="December",
   NUMBER="CS-77-30",
   ADDRESS="Ontario, Canada",
   KEY="",
}
                                       
 
@ARTICLE{c:78,
   AUTHOR="J.A. Makowsky",
   TITLE="Why Horn formulas matter in computer science",
   JOURNAL="J. of Computer and System Sciences",
   VOLUME="34",
   NUMBER="",
   YEAR="1987",
   MONTH="266-292",
   PAGES="",
   KEY="",
}
                                       
 
@BOOK{c:79,
   AUTHOR="A.I. Mal'cev",
   TITLE="The Metamathematics of Algebraic Systems",
   PUBLISHER="North-Holland",
   YEAR="1971",
   EDITOR="",
   NOTE="[series: Studies in Logic and the Foundations of Mathematics, vol. 66]",
   KEY="",
}
                                       
 
@BOOK{c:80,
   AUTHOR="A.I. Mal'cev",
   TITLE="Algebraic Systems",
   PUBLISHER="Springer",
   YEAR="1973",
   EDITOR="",
   NOTE="[series: Die Grundlehren der mathematischen Wissenschaften in Einzeldarstellungen, vol. 192]",
   KEY="",
}
                                       
 
@ARTICLE{c:81,
   AUTHOR="A. Manes",
   TITLE="Fuzzy theories",
   JOURNAL="J. of Mathematical Analysis and Applications",
   VOLUME="",
   NUMBER="",
   YEAR="1982",
   MONTH="",
   PAGES="",
   KEY="",
}
                                       
 
@ARTICLE{c:82,
   AUTHOR="Z. Manna",
   TITLE="The correctness of nondeterministic programs",
   JOURNAL="Artificial Intelligence",
   VOLUME="1",
   NUMBER="",
   YEAR="1970",
   MONTH="",
   PAGES="1-26",
   KEY="",
}
                                       
 
@BOOK{c:83,
   AUTHOR="Z. Manna and A. Pnueli",
   TITLE="The Temporal Logic of Reactive and Concurrent Systems",
   PUBLISHER="Springer",
   YEAR="1992",
   EDITOR="",
   NOTE="",
   KEY="",
}
                                       
 
@INBOOK{c:84,
   AUTHOR="J. McCarthy",
   TITLE="A basis for mathematical theory of computation",
   BOOKTITLE="Computer Programming and Formal Systems",
   CHAPTER="",
   EDITOR="",
   YEAR="1963",
   PUBLISHER="North-Holland",
   PAGES="",
   KEY="",
}
                                       
 
@INPROCEEDINGS{c:85,
   AUTHOR="S. Meldal",
   TITLE="An abstract axiomatization of pointer types",
   BOOKTITLE="22-nd Annual Hawaii International Conference on System Sciences",
   PUBLISHER="IEEE Computer Society Press",
   YEAR="1989",
   PAGES="",
   KEY="",
}
                                       
 
@ARTICLE{c:Mes,
   AUTHOR="J. Meseguer",
   TITLE="Order completion monads",
   JOURNAL="Algebra Universalis",
   VOLUME="16",
   NUMBER="",
   YEAR="1983",
   MONTH="",
   PAGES="63-82",
   KEY="",
}
                                       
 
@INPROCEEDINGS{c:86,
   AUTHOR="J. Meseguer",
   TITLE="A logical theory of concurrent objects",
   BOOKTITLE="OOPSLA ECOOP'90",
   PUBLISHER="SIGPLAN Notices, vol. 25 (10)",
   YEAR="1990",
   PAGES="101-115",
   KEY="",
}
                                       
 
@ARTICLE{c:87,
   AUTHOR="J. Meseguer",
   TITLE="Conditional rewriting logic as a unified model of concurrency",
   JOURNAL="Theoretical Computr Science",
   VOLUME="96",
   NUMBER="",
   YEAR="1992",
   MONTH="",
   PAGES="73-155",
   KEY="",
}
                                       
 
@ARTICLE{c:88,
   AUTHOR="J. Mezei and J.B. Wright",
   TITLE="Algebraic automata and context-free sets",
   JOURNAL="Information and Control",
   VOLUME="11",
   NUMBER="",
   YEAR="1967",
   MONTH="",
   PAGES="",
   KEY="",
}
                                       
 
@INPROCEEDINGS{c:89,
   AUTHOR="R. Milner",
   TITLE="Processes: a mathematical model of computing agents",
   BOOKTITLE="Logic Colloquium",
   PUBLISHER="",
   YEAR="1973",
   PAGES="",
   KEY="",
}
                                       
 
@BOOK{c:90,
   AUTHOR="R. Milner",
   TITLE="Calculi of Communicating Systems",
   PUBLISHER="LNCS vol.~92, Springer",
   YEAR="1980",
   EDITOR="",
   NOTE="",
   KEY="",
}
                                       
 
@BOOK{c:101a,
   AUTHOR="R. Milner",
   TITLE="Communication and Concurrency",
   PUBLISHER="Prentice Hall",
   YEAR="1982",
   EDITOR="",
   NOTE="",
   KEY="",
}
                                       
 
@INPROCEEDINGS{c:91,
   AUTHOR="P.D. Mosses",
   TITLE="Unified algebras and institutions",
   BOOKTITLE="LICS'89, 4-th Annual Symposium",
   PUBLISHER="",
   YEAR="1989",
   PAGES="",
   KEY="",
}
                                       
 
@INPROCEEDINGS{c:92,
   AUTHOR="P.D. Mosses",
   TITLE="Unified algebras and action semantics",
   BOOKTITLE="STACS'89",
   PUBLISHER="LNCS vol.~349, Springer",
   YEAR="1989",
   PAGES="",
   KEY="",
}
                                       
 
@ARTICLE{c:Nel,
   AUTHOR="G. Nelson",
   TITLE="A generalization of Dijkstra's calculus",
   JOURNAL="ACM ToPLaS",
   VOLUME="11",
   NUMBER="",
   YEAR="1992",
   MONTH="",
   PAGES="517-561",
   KEY="",
}
                                       
 
@ARTICLE{c:93,
   AUTHOR="T. Nipkow",
   TITLE="Non-deterministic data types: models and implementations",
   JOURNAL="Acta Informatica",
   VOLUME="22",
   NUMBER="",
   YEAR="1986",
   MONTH="",
   PAGES="629-661",
   KEY="",
}
                                       
 
@INBOOK{c:94,
   AUTHOR="T. Nipkow",
   TITLE="Observing non-deterministic data types",
   BOOKTITLE="Recent Trends in Data Type Specification",
   CHAPTER="",
   EDITOR="",
   YEAR="1987",
   PUBLISHER="LNCS vol.~332, Springer",
   PAGES="",
   KEY="",
}
                                       
 
@PHDTHESIS{c:95,
   AUTHOR="T. Nipkow",
   TITLE="Behavioural Implementations Concepts for Non-deterministic Data Types",
   SCHOOL="Dept. of CS, University of Manchester",
   YEAR="1987",
   MONTH="",
   KEY="",
}
                                       
 
@ARTICLE{c:96,
   AUTHOR="M. Nivat",
   TITLE="On the interpretation of polyadic program schemes",
   JOURNAL="Symposia Mathematica",
   VOLUME="15",
   NUMBER="",
   YEAR="1975",
   MONTH="",
   PAGES="255-281",
   KEY="",
}
                                       
 
@INPROCEEDINGS{c:97,
   AUTHOR="M. Nivat",
   TITLE="Nondeterministic programs: an algebraic overview",
   BOOKTITLE="Information Processing '80",
   PUBLISHER="North-Holland",
   YEAR="1980",
   PAGES="",
   KEY="",
}
                                       
 
@BOOK{c:98,
   AUTHOR="M. O'Donnell",
   TITLE="Computing in Systems Described by Equations",
   PUBLISHER="LNCS vol.~58, Springer",
   YEAR="1977",
   EDITOR="",
   NOTE="",
   KEY="",
}
                                       
 
@INBOOK{c:99,
   AUTHOR="D. Park",
   TITLE="On the semantics of fair parallellism",
   BOOKTITLE="Abstract Software Specification",
   CHAPTER="",
   EDITOR="",
   YEAR="1979",
   PUBLISHER="LNCS vol.~86, Springer",
   PAGES="",
   KEY="",
}
                                       
 
@TECHREPORT{c:100,
   AUTHOR="C.A. Petri",
   TITLE="Non-sequential pocesses",
   INSTITUTION="Gesellschaft f. Mathematik und Datenverarbeitung",
   YEAR="1977",
   MONTH="",
   NUMBER="ISF-77-05",
   ADDRESS="Sankt Augustin",
   KEY="",
}
                                       
 
@ARTICLE{c:101,
   AUTHOR="G. Pickert",
   TITLE="Bemerkungen zum Homomorphie-Begriff",
   JOURNAL="Mathematische Zeitschrift",
   VOLUME="53",
   NUMBER="",
   YEAR="1950",
   MONTH="",
   PAGES="",
   KEY="",
}
                                       
 
@ARTICLE{c:102,
   AUTHOR="H.E. Pickett",
   TITLE="Homomorphisms and subalgebras of multialgebras",
   JOURNAL="Pacific J. of Mathematics",
   VOLUME="21",
   NUMBER="",
   YEAR="1967",
   MONTH="",
   PAGES="327-342",
   KEY="",
}
                                       
 
@ARTICLE{c:103,
   AUTHOR="G. Plotkin",
   TITLE="A power domain construction",
   JOURNAL="SIAM J. Computing",
   VOLUME="5",
   NUMBER="3",
   YEAR="1976",
   MONTH="",
   PAGES="452-487",
   KEY="",
}
                                       
 
@INBOOK{c:104,
   AUTHOR="G. Plotkin",
   TITLE="Dijkstra's predicate transformers and Smyth's powerdomains",
   BOOKTITLE="Abstract Software Specifications",
   CHAPTER="",
   EDITOR="",
   YEAR="1980",
   PUBLISHER="LNCS vol.~86, Springer",
   PAGES="",
   KEY="",
}
                                       
 
@ARTICLE{c:105,
   AUTHOR="G. Plotkin and K.R. Apt",
   TITLE="Countable nondeterminism and random assignment",
   JOURNAL="J. of the ACM",
   VOLUME="33",
   NUMBER="4",
   YEAR="",
   MONTH="",
   PAGES="724-767",
   KEY="also: T.R., Univ. of Edinburgh, 1982",
}
                                       
 
@UNPUBLISHED{c:106,
   AUTHOR="G. Plotkin",
   TITLE="Domains",
   YEAR="1982",
   MONTH="",
   NOTE="[lecture notes, URL=http://hypatia.dcs.qmw.ac.uk/authors/P/PlotkinGD/papers/dom.ps.Z]",
   KEY="",
}
                                       
 
@ARTICLE{c:107,
   AUTHOR="X. Qian and A. Goldberg",
   TITLE="Referntial opacity in nondeterministic data refinement",
   JOURNAL="ACM LoPLaS",
   VOLUME="2",
   NUMBER="1-4",
   YEAR="1993",
   MONTH="",
   PAGES="233-241",
   KEY="",
}
                                       
 
@INPROCEEDINGS{c:108,
   AUTHOR="J.H. Reif",
   TITLE="Logics for probabilistic programming",
   BOOKTITLE="Theory of Computing, 12-th ACM Symposium",
   PUBLISHER="",
   YEAR="1980",
   PAGES="",
   KEY="",
}
                                       
 
@BOOK{c:109,
   AUTHOR="W. Reisig",
   TITLE="Petri Nets. An Introduction",
   PUBLISHER="Springer",
   YEAR="1985",
   EDITOR="",
   NOTE="[EATCS Monographs on Theoretical Computer Science, vol. 4]",
   KEY="",
}
                                       
 
@ARTICLE{c:110,
   AUTHOR="H. Soendergaard and P. Sestoft",
   TITLE="Non-determinism in functional languages",
   JOURNAL="Computer Journal",
   VOLUME="35",
   NUMBER="5",
   YEAR="1992",
   MONTH="",
   PAGES="514-523",
   KEY="also: ``Non-determinacy and its semantics'', T.R.no.86/12, Datalogisk Inst. Koebenhavns Univ.",
}
                                                                                  
 
@TECHREPORT{c:111,
   AUTHOR="N. Saheb-Djahromi",
   TITLE="Probabilisitic CPO's for nondetrerminism",
   INSTITUTION="Dept. of CS, University of Edinburgh",
   YEAR="1979",
   MONTH="",
   NUMBER="CSR-37-79",
   ADDRESS="",
   KEY="",
}
                                       
 
@ARTICLE{c:112,
   AUTHOR="D. Sannella and A. Tarlecki",
   TITLE="Specifications in arbitrary institutions",
   JOURNAL="Information and Computation",
   VOLUME="76",
   NUMBER="",
   YEAR="1988",
   MONTH="",
   PAGES="165-210",
   KEY="",
}
                                       
 
@INPROCEEDINGS{c:113,
   AUTHOR="R.L. Schwartz",
   TITLE="An axiomatic treatement of ALGOL 68 routines",
   BOOKTITLE="Automata, Languages and Programming, 6-th Colloquium",
   PUBLISHER="LNCS vol.~71, Springer",
   YEAR="1979",
   PAGES="",
   KEY="",
}
                                       
 
@BOOK{c:114,
   AUTHOR="J. Schwartz and R. Dewar and E. Schonberg and E. Dubinsky",
   TITLE="Programming with Sets; An Introduction to SETL",
   PUBLISHER="Springer",
   YEAR="1986",
   EDITOR="",
   NOTE="",
   KEY="",
}
                                       
 
@INPROCEEDINGS{c:115,
   AUTHOR="D. Scott",
   TITLE="Continuous lattices",
   BOOKTITLE="Dalhousie Conference 1971",
   PUBLISHER="LNM vol.~274, Springer",
   YEAR="1972",
   PAGES="",
   KEY="",
}
                                       
 
@ARTICLE{c:116,
   AUTHOR="D. Scott",
   TITLE="Data types as lattices",
   JOURNAL="SIAM J. Computing",
   VOLUME="5",
   NUMBER="4",
   YEAR="1976",
   MONTH="",
   PAGES="522-587",
   KEY="",
}
                                       
 
@ARTICLE{c:117,
   AUTHOR="M.B. Smyth",
   TITLE="Power domains",
   JOURNAL="J. of Computer and System Sciences",
   VOLUME="16",
   NUMBER="",
   YEAR="1978",
   MONTH="",
   PAGES="",
   KEY="",
}
                                       
 
@INPROCEEDINGS{c:118,
   AUTHOR="M.B. Smyth",
   TITLE="Power domains and predicate transformers: a topological view",
   BOOKTITLE="Automata, Languages and Programming",
   PUBLISHER="LNCS vol.~154, Springer",
   YEAR="1983",
   PAGES="225-241",
   KEY="",
}
                                       
 
@ARTICLE{c:genind,
   AUTHOR="J. Spitzen and B. Wegbreit",
   TITLE="The verification and synthesis of data structures",
   JOURNAL="Acta Informatica",
   VOLUME="4",
   NUMBER="",
   YEAR="1975",
   MONTH="",
   PAGES="127-144",
   KEY="",
}
                                       
 
@INPROCEEDINGS{c:119,
   AUTHOR="E.W. Stark",
   TITLE="Compositional relational semantics for indeterminate dataflow networks",
   BOOKTITLE="Category Theory and Computer Science",
   PUBLISHER="LNCS vol.~389, Springer",
   YEAR="1989",
   PAGES="",
   KEY="",
}
                                       
 
@INPROCEEDINGS{c:120,
   AUTHOR="F. Stolzenburg",
   TITLE="An algorithm for general set unification",
   BOOKTITLE="Workshop on Logic Programming with Sets, ICLP'93",
   PUBLISHER="",
   YEAR="1993",
   PAGES="",
   KEY="",
}
                                       
 
@INPROCEEDINGS{c:121,
   AUTHOR="P.A. Subrahmanyam",
   TITLE="Nondeterminism in abstract data types",
   BOOKTITLE="Automata, Languages and Programming",
   PUBLISHER="LNCS vol.~115, Springer",
   YEAR="1981",
   PAGES="",
   KEY="",
}
                                       
 
@INPROCEEDINGS{c:122,
   AUTHOR="A. Tarlecki",
   TITLE="Free constructions in algebraic institutions",
   BOOKTITLE="MFCS'84",
   PUBLISHER="LNCS vol.~176, Springer",
   YEAR="1984",
   PAGES="",
   KEY="",
}
                                       
 
@INPROCEEDINGS{c:123,
   AUTHOR="E. Voermans",
   TITLE="Pers as types, inductive types and types with laws",
   BOOKTITLE="PHOENIX Seminar and Workshop on Declarative Programming",
   PUBLISHER="Springer",
   YEAR="1991",
   PAGES="",
   KEY="",
}
                                       
 
@TECHREPORT{c:124,
   AUTHOR="H. Volger",
   TITLE="The semantics of disjunctive deductive databases",
   INSTITUTION="Fak. f. Mathematik und Informatik, Universitat Passau",
   YEAR="1989",
   MONTH="October",
   NUMBER="MIP-8931",
   ADDRESS="",
   KEY="",
}
                                       
 
@INPROCEEDINGS{c:125,
   AUTHOR="H. Volger",
   TITLE="The semantics of disjunctive deductive databases",
   BOOKTITLE="CSL'89",
   PUBLISHER="LNCS vol.~440, Springer",
   YEAR="1989",
   PAGES="",
   KEY="",
}
                                       
 
@ARTICLE{c:126,
   AUTHOR="M. Walicki and S. Meldal",
   TITLE="A complete calculus for the multialgebraic and functional semantics of nondeterminism",
   JOURNAL="ACM ToPLaS",
   VOLUME="17",
   NUMBER="2",
   YEAR="1995",
   MONTH="",
   PAGES="",
   KEY="",
}
                                       
 
@PHDTHESIS{c:127,
   AUTHOR="M. Walicki",
   TITLE="Algebraic Specifications of Nondeterminism",
   SCHOOL="Dept. of Informatics, University of Bergen",
   YEAR="1993",
   MONTH="",
   KEY="",
}
                                       
 
@INPROCEEDINGS{c:128,
   AUTHOR="M. Walicki and S. Meldal",
   TITLE="Initiality + nondeterminism -> junk",
   BOOKTITLE="NIK'93",
   PUBLISHER="Tapir",
   YEAR="1993",
   PAGES="",
   KEY="",
}
                                       
 
@INPROCEEDINGS{c:129,
   AUTHOR="M. Walicki and S. Meldal",
   TITLE="Sets and nondeterminism",
   BOOKTITLE="Workshop on Logic Programming with Sets, ICLP'93",
   PUBLISHER="",
   YEAR="1993",
   PAGES="",
   KEY="",
}
                                       
 
@INBOOK{c:130,
   AUTHOR="M. Walicki and S. Meldal",
   TITLE="Multialgebras, power algebras and complete calculi of identities and inclusions",
   BOOKTITLE="Recent Trends in Data Type Specifications",
   CHAPTER="",
   EDITOR="",
   YEAR="1995",
   PUBLISHER="LNCS vol.~906, Springer",
   PAGES="",
   KEY="",
}
                                       
 
@ARTICLE{c:132,
   AUTHOR="M. Walicki and M. Broy",
   TITLE="Structured specifications and implementation of nondeterministic data types",
   JOURNAL="Nordic Journal of Computing",
   VOLUME="2",
   NUMBER="",
   YEAR="1995",
   MONTH="",
   PAGES="358-395",
   KEY="",
}
                                       
 
@INPROCEEDINGS{c:133,
   AUTHOR="M. Walicki and S. Meldal",
   TITLE="Generated models and the omega-rule: the nondeterministic case",
   BOOKTITLE="TAPSOFT'95",
   PUBLISHER="LNCS vol.~915, Springer",
   YEAR="1995",
   PAGES="",
   KEY="",
}
                                       
 
@ARTICLE{c:SIAM,
   AUTHOR="M. Walicki and S. Meldal",
   TITLE="Singular and plural nondeterministic parameters",
   JOURNAL="SIAM J. Computing",
   VOLUME="26",
   NUMBER="3",
   YEAR="1997",
   MONTH="",
   PAGES="",
   KEY="",
}
                                       
 
@INPROCEEDINGS{c:134,
   AUTHOR="G. Winskel",
   TITLE="Event structure semantics of CCS and related languages",
   BOOKTITLE="ICALP'82",
   PUBLISHER="LNCS vol.~140, Springer",
   YEAR="1982",
   PAGES="",
   KEY="",
}
                                       
 
@BOOK{c:135,
   AUTHOR="G. Winskel",
   TITLE="Event Structures",
   PUBLISHER="LNCS vol.~255, Springer",
   YEAR="1987",
   EDITOR="",
   NOTE="",
   KEY="",
}
                                       
 
@BOOK{c:136,
   AUTHOR="G. Winskel",
   TITLE="An Introduction to Event Structures",
   PUBLISHER="LNCS vol.~354, Springer",
   YEAR="1988",
   EDITOR="",
   NOTE="",
   KEY="",
}
                                       
 
@INPROCEEDINGS{c:137,
   AUTHOR="U. Wolter and M. Loewe",
   TITLE="Beyond conditional equations",
   BOOKTITLE="CAAP'92",
   PUBLISHER="LNCS vol.~581, Springer",
   YEAR="1992",
   PAGES="",
   KEY="",
}
                                       
