
@article(Raatikainen-1993,
	author = "Raatikainen, K.~E.~E.",
	title = " Sequential Procedure for Simultaneous Estimation of Several Means",
	journal = "ACM Transactions on Modeling and Computer Simulation",
	volume = 3,
	number = 2,
	pages = {108-133},
	year = 1993,
	month = apr)

@book(Kleijnen-1987,
	author = "Kleijnen, J.~P.~C.",
	title = " Statistical Tools for Simulation Practitioners",
	publisher = "Marcel Dekker, Inc.",
	address = "New York",
	year = 1987)

@book(Law-Kelton-1991,
	author = "Law, A.~ M. and Kelton, W.~ D.",
	title = "Simulation Modeling \& Analysis",
	publisher = "McGraw-Hill",
	address = "New York",
	year = 1991,
	edition = "2nd")

@inproceedings(Raatikainen-1994a,
	author = "Raatikainen, K.~E.~E.",
	editor = "O. Martikainen and J. Harju",
	title = "Database Access in Intelligent Networks",
	booktitle = "Proceedings of IFIP TC6 Workshop on Intelligent Networks",
	pages = {163--183},
	organization = "Lappeenranta University of Technology",
	address = "Lappeenranta, Finland",
	year = "1994a",
	month = aug,
	bibdate = "Mon Sep  5 16:55:38 1994")

@techreport(Raatikainen-1994b,
	author = "Raatikainen, K.~E.~E.",
	title = "Information Aspects of Services and Service Features in Intelligent Network Capability Set 1",
	type = "Report",
	number = "C-1994-45",
	institution = "University of Helsinki, Dept. of Computer Science",
	address = "Helsinki, Finland",
	year = "1994b",
	month = Sep,
	bibdate = "Mon Sep 12 09:12:01 1994")
